@inproceedings{Ta,
author = {G.~Taddei},
title = {Normalit\'e des groupes \'el\'ementaires dans les groupes de Chevalley sur un anneau},
booktitle = {Applications of algebraic $\K$-theory to algebraic geometry and number theory, Part II (Boulder, Colo., 1983)},
series = {Contemp. Math},
year = {1986},
volume = {55},
issue = {2},
pages = {693--710},
url = {http://www.ams.org/books/conm/055.2/862660/conm862660.pdf}}

@article{S,
author = {Stepanov, A.},
title = {Elementary calculus in Chevalley groups over rings},
journal = {J. Prime Research in Math.},
volume = {9},
year = {2013},
pages = {79--95},
url = {http://www.sms.edu.pk/journals/jprm/jprmvol9/08.pdf}}

@article{Va,
author = {Vaserstein, L.},
title = {On normal subgroups of Chevalley groups over commutative rings},
journal = {Tohoku Math. J.},
volume = {38},
issue = {2},
pages = {219--230},
year = {1986},
doi = {10.2748/tmj/1178228489}}

@article{St2,
title = {Relativizing functors on rings and algebraic $\mathrm{K}$-theory},
author = {Stein, M.~R.},
journal = {J. Algebra},
volume = {19},
issue = {1},
year = {1971},
pages = {140--152},
doi = {10.1016/0021-8693(71)90123-2}}

@article{St78,
title = {Stability theorems for $\mathrm{K}_1$, $\mathrm{K}_2$ and related functors modeled on Chevalley groups},
author = {Stein, M.~R.},
journal = {Japan J. Math.},
volume = {4},
issue = {1},
year = {1978},
pages = {77--108},
doi = {10.4099/math1924.4.77}}

@article{VP,
year={1996},
journal={Acta Applicandae Mathematica},
volume={45},
number={1},
doi={10.1007/BF00047884},
title={Chevalley groups over commutative rings: I. Elementary calculations},
author = {Vavilov, N.~A. and Plotkin, E.},
pages={73--113}}